
@article{Caffo_etal_2005,
  title = {Ascent-{Based} {Monte} {Carlo} {Expectation}-{Maximization}},
  volume = {67},
  issn = {13697412},
  url = {http://www.jstor.org/stable/3647576},
  number = {2},
  urldate = {2010-07-02},
  journal = {Journal of the Royal Statistical Society. Series B (Statistical Methodology)},
  author = {Caffo, Brian S. and Jank, Wolfgang and Jones, Galin L.},
  year = {2005},
  pages = {235--251},
}

@article{Louis_1982,
  title = {Finding the {Observed} {Information} {Matrix} when {Using} the {EM} {Algorithm}},
  volume = {44},
  issn = {00359246},
  url = {http://www.jstor.org/stable/2345828},
  number = {2},
  urldate = {2010-01-22},
  journal = {Journal of the Royal Statistical Society. Series B (Methodological)},
  author = {Louis, Thomas A.},
  year = {1982},
  pages = {226--233},
}


@article{Green_1995,
  title     ={Reversible jump {M}arkov chain {M}onte {C}arlo computation and {B}ayesian model determination},
  author    ={Green, Peter J},
  journal   ={Biometrika},
  volume    ={82},
  number    ={4},
  pages     ={711--732},
  year      ={1995},
  publisher ={Oxford University Press}
}

@article{Watanabe_2010, title={Asymptotic equivalence of {B}ayes cross validation and widely applicable information criterion in singular learning theory},
author={Watanabe, Sumio}, journal={Journal of Machine Learning Research}, volume={11}, number={Dec}, pages={3571--3594}, year={2010}}

@article{Lunn_Spiegelhalter_Thomas_Best_2009, title={The {BUGS} project: Evolution, critique and future directions}, volume={28}, ISSN={02776715}, DOI={10.1002/sim.3680}, number={25}, journal={Statistics in Medicine}, author={Lunn, David and Spiegelhalter, David and Thomas, Andrew and Best, Nicky}, year={2009}, pages={3049-–3067}}

@article{Roberts_Sahu_1997, title={Updating Schemes, Correlation Structure, Blocking and Parameterization for the {G}ibbs Sampler}, volume={59}, ISSN={1467-9868}, DOI={10.1111/1467-9868.00070},
number={2}, journal={Journal of the Royal Statistical Society: Series B (Statistical Methodology)}, author={Roberts, G. O. and Sahu, S. K.}, year={1997}, pages={291–317}}

@article{Andrieu_Doucet_Holenstein_2010, title={Particle {M}arkov chain {M}onte {C}arlo methods}, volume={72}, DOI={10.1111/j.1467-9868.2009.00736.x},
 number={3}, journal={Journal of the Royal Statistical Society: Series B (Statistical Methodology)}, author={Andrieu, Christophe and Doucet, Arnaud and Holenstein, Roman}, year={2010}, pages={269–-342}}

@article{Neal2003,
  title = {Slice Sampling},
  volume = {31},
  number = {3},
  journal = {The Annals of Statistics},
  author = {Neal, Radford M.},
  year = {2003},
  pages = {705--741}
}

@article{Shaby2011,
  title = {Exploring an adaptive {M}etropolis algorithm},
  volume = {2011--14},
  journal = {Department of Statistics, Duke University},
  author = {Shaby, B. and Wells, M.},
  year = {2011}
}

@article{George_Makov_Smith_1993, title={Conjugate Likelihood Distributions}, volume={20}, ISSN={0303-6898}, number={2}, journal={Scandinavian Journal of Statistics}, author={George, E.I. and Makov, U.E. and Smith, A.F.M.}, year={1993}, pages={147-–156}}

@article{2010arXiv1001.0175M,
  author = {{Murray}, I. and {Prescott Adams}, R. and {MacKay}, D.~J.~C.},
  title = "{Elliptical slice sampling}",
  journal = {ArXiv e-prints},
  archivePrefix = "arXiv",
  eprint = {1001.0175},
  primaryClass = "stat.CO",
  keywords = {Statistics - Computation, Statistics - Machine Learning},
  year = 2010,
  adsurl = {http://adsabs.harvard.edu/abs/2010arXiv1001.0175M},
  adsnote = {Provided by the SAO/NASA Astrophysics Data System}
}

@Book{Rue_Held_2005,
Author={Rue, H. and Held, L.},
Title={Gaussian {M}arkov Random Fields: Theory and Applications},
Year=2005,
Address={Boca Raton},
Publisher={Chapman \& Hall},
Pages=263
}

@Book{Banerjee_etal_2015,
Author={Banerjee, S. and Carlin, B.P. and Gelfand, A.E.},
Title={Hierarchical Modeling and Analysis for Spatial Data},
Edition=2,
Year=2015,
Address={Boca Raton},
Publisher={Chapman \& Hall}
}

@TechReport{Paciorek_2009,
Author={Paciorek, C.J.},
Title={Understanding intrinsic {G}aussian {M}arkov random field spatial models, including intrinsic conditional autoregressive models},
Year=2009,
Institution={University of California, Berkeley},
url = {http://www.stat.berkeley.edu/~paciorek/research/techVignettes/techVignette5.pdf}
}

@Article{ferguson_73,
  author =       {Ferguson, T S},
  title =        {A {B}ayesian  analysis of some nonparametric problems},
  journal =      {Annals of Statistics},
  year =         {1973},
  volume =       {1},
  pages =        {209--230}
}

@Article{ferguson_74,
  author =       {Ferguson, T S},
  title =        {Prior distribution on the spaces of probability measures},
  journal =      {Annals of Statistics},
  year =         {1974},
  volume =       {2},
  pages =        {615--629},
}

@Article{lo_84,
  author =       {Lo, A Y},
  title =        {On a class of {B}ayesian nonparametric estimates {I}: Density estimates},
  journal =      {The Annals of Statistics},
  year =         {1984},
  volume =       {12},
  pages =        {351--357},
}

@Article{escobar_94,
  author =       {Escobar, M D},
  title =        {{Estimating normal means with a {D}irichlet process prior}},
  journal =      {Journal of the American Statistical Association},
  year =         {1994},
  volume =       {89},
  pages =        {268--277},
}

@Article{escobar_west_95,
  author =       {Escobar, M D and West, M},
  title =        {{Bayesian density estimation and inference using mixtures}},
  journal =      {Journal of the American Statistical Association},
  year =         {1995},
  volume =       {90},
  pages =        {577--588},
}

@Article{blackwell_mcqueen_73,
  author =       {Blackwell, D and MacQueen, J},
  title =        {Ferguson distributions via {P}\'olya urn schemes},
  journal =      {The Annals of Statistics},
  year =         {1973},
  volume =       {1},
  pages =        {353--355},
}


@Article{sethuraman_94,
  author =       {Sethuraman, J},
  title =        {A constructive definition of {D}irichlet prior},
  journal =      {Statistica Sinica},
  year =         {1994},
  volume =       {2},
  pages =        {639--650},
}

@Article{neal_2000,
  author =       {Neal, R},
  title =        {{Markov chain sampling methods for {D}irichlet process mixture models}},
  journal =      {Journal of Computational and Graphical Statistics},
  year =         {2000},
  volume =       {9},
  pages =        {249--265},
}

@article{ishwaran_2001,
  title={Gibbs sampling methods for stick-breaking priors},
  author={Ishwaran, Hemant and James, Lancelot F},
  journal={Journal of the American Statistical Association},
  volume={96},
  number={453},
  pages={161--173},
  year={2001},
  publisher={Taylor \& Francis}
}

@Article{ishwaran_james_2002,
  author =       {Ishwaran, H and James, L F},
  title =        {Approximate {D}irichlet process computing in finite normal mixtures: smoothing and prior information},
  journal =      {Journal of Computational and Graphical Statistics},
  year =         {2002},
  volume =       {11},
  pages =        {508--532},
}

@article{Gelman_etal_2014,
  title={Understanding predictive information criteria for {B}ayesian model},
  author={Gelman, A. and Hwang, J. and Vehtari, A.},
  journal={Statistics and Computing},
  volume={24},
  number={6},
  pages={997--1016},
  year={2014}
}

@article{gelfand_2002,
  title={A computational approach for full nonparametric Bayesian inference under Dirichlet process mixture models},
  author={Gelfand, Alan E and Kottas, Athanasios},
  journal={Journal of Computational and Graphical Statistics},
  volume={11},
  number={2},
  pages={289--305},
  year={2002},
  publisher={Taylor \& Francis}
}

@article{Ariyo_etal_2019,
author = {Oludare Ariyo and Adrian Quintero and Johanna Muñoz and Geert Verbeke and Emmanuel Lesaffre},
title = {Bayesian model selection in linear mixed models for longitudinal data},
journal = {Journal of Applied Statistics},
volume = {47},
number = {5},
pages = {890-913},
year  = {2020},
publisher = {Taylor & Francis},
doi = {10.1080/02664763.2019.1657814},
URL = {https://doi.org/10.1080/02664763.2019.1657814},
eprint = {https://doi.org/10.1080/02664763.2019.1657814}
}

@article{Vehtari_etal_2017,
  title={Practical Bayesian model evaluation using leave-one-out cross-validation and WAIC},
  author={Vehtari, Aki and Gelman, Andrew and Gabry, Jonah},
  journal={Statistics and Computing},
  volume={27},
  number={5},
  pages={1413--1432},
  year={2017},
  publisher={Springer}
}

@TechReport{Hug_Paciorek_2021,
      title={A numerically stable online implementation and exploration of {WAIC} through variations of the predictive density, using {NIMBLE}},
      author={Joshua E. Hug and Christopher J. Paciorek},
      year={2021},
      eprint={2106.13359},
      archivePrefix={arXiv},
      primaryClass={stat.CO},
      institution={arXiv preprint},
      url = {https://arxiv.org/abs/2106.13359}
}

@techreport{Stan_Lang_2021,
 title        = {Stan Language Reference Manual},
  author       = {{Stan Development Team}},
  organization = {},
  address      = {},
  edition      = {2.27},
  year         = 2021
}

@techreport{Stan_Lang_Fun_2021,
 title        = {Stan Language Functions Reference Manual},
  author       = {{Stan Development Team}},
  organization = {},
  address      = {},
  edition      = {2.27},
  year         = 2021
}

@article{Lewandowski_etal_2009,
  title={Generating random correlation matrices based on vines and extended onion method},
  author={Lewandowski, Daniel and Kurowicka, Dorota and Joe, Harry},
  journal={Journal of multivariate analysis},
  volume={100},
  number={9},
  pages={1989--2001},
  year={2009},
  publisher={Elsevier}
}

@article{hoffman2014no,
  title={The No-U-Turn sampler: adaptively setting path lengths in Hamiltonian Monte Carlo.},
  author={Hoffman, Matthew D and Gelman, Andrew},
  journal={J. Mach. Learn. Res.},
  volume={15},
  number={1},
  pages={1593--1623},
  year={2014}
}

@misc{stan2023stan,
  title={Stan modeling language users guide and reference manual, version 2.32.2},
  author={{Stan Development Team}},
  year={2023},
  url={https://mc-stan.org}
}

@article{Michaud_etal_2021,
 title={Sequential Monte Carlo Methods in the nimble and nimbleSMC R Packages},
 volume={100},
 url={https://www.jstatsoft.org/index.php/jss/article/view/v100i03},
 doi={10.18637/jss.v100.i03},
 number={3},
 journal={Journal of Statistical Software},
 author={Michaud, Nicholas and de Valpine, Perry and Turek, Daniel and Paciorek, Christopher J. and Nguyen, Dao},
 year={2021},
 pages={1–39}
}

