@article{Watanabe_2010, title={Asymptotic equivalence of {B}ayes cross validation and widely applicable information criterion in singular learning theory},
author={Watanabe, Sumio}, journal={Journal of Machine Learning Research}, volume={11}, number={Dec}, pages={3571--3594}, year={2010}}

@article{Lunn_Spiegelhalter_Thomas_Best_2009, title={The {BUGS} project: Evolution, critique and future directions}, volume={28}, ISSN={02776715}, DOI={10.1002/sim.3680}, number={25}, journal={Statistics in Medicine}, author={Lunn, David and Spiegelhalter, David and Thomas, Andrew and Best, Nicky}, year={2009}, pages={3049-–3067}}

@article{Roberts_Sahu_1997, title={Updating Schemes, Correlation Structure, Blocking and Parameterization for the {G}ibbs Sampler}, volume={59}, ISSN={1467-9868}, DOI={10.1111/1467-9868.00070},
number={2}, journal={Journal of the Royal Statistical Society: Series B (Statistical Methodology)}, author={Roberts, G. O. and Sahu, S. K.}, year={1997}, pages={291–317}}

@article{Andrieu_Doucet_Holenstein_2010, title={Particle {M}arkov chain {M}onte {C}arlo methods}, volume={72}, DOI={10.1111/j.1467-9868.2009.00736.x},
 number={3}, journal={Journal of the Royal Statistical Society: Series B (Statistical Methodology)}, author={Andrieu, Christophe and Doucet, Arnaud and Holenstein, Roman}, year={2010}, pages={269–-342}}

@article{Neal2003,
  title = {Slice Sampling},
  volume = {31},
  number = {3},
  journal = {The Annals of Statistics},
  author = {Neal, Radford M.},
  year = {2003},
  pages = {705--741}
}

@article{Shaby2011,
  title = {Exploring an adaptive {M}etropolis algorithm},
  volume = {2011--14},
  journal = {Department of Statistics, Duke University},
  author = {Shaby, B. and Wells, M.},
  year = {2011}
}

@article{George_Makov_Smith_1993, title={Conjugate Likelihood Distributions}, volume={20}, ISSN={0303-6898}, number={2}, journal={Scandinavian Journal of Statistics}, author={George, E.I. and Makov, U.E. and Smith, A.F.M.}, year={1993}, pages={147-–156}}

@article{2010arXiv1001.0175M,
  author = {{Murray}, I. and {Prescott Adams}, R. and {MacKay}, D.~J.~C.},
  title = "{Elliptical slice sampling}",
  journal = {ArXiv e-prints},
  archivePrefix = "arXiv",
  eprint = {1001.0175},
  primaryClass = "stat.CO",
  keywords = {Statistics - Computation, Statistics - Machine Learning},
  year = 2010,
  adsurl = {http://adsabs.harvard.edu/abs/2010arXiv1001.0175M},
  adsnote = {Provided by the SAO/NASA Astrophysics Data System}
}

@Book{Rue_Held_2005,
Author={Rue, H. and Held, L.},
Title={Gaussian {M}arkov Random Fields: Theory and Applications},
Year=2005,
Address={Boca Raton},
Publisher={Chapman \& Hall},
Pages=263
}

@Book{Banerjee_etal_2015,
Author={Banerjee, S. and Carlin, B.P. and Gelfand, A.E.},
Title={Hierarchical Modeling and Analysis for Spatial Data},
Edition=2,
Year=2015,
Address={Boca Raton},
Publisher={Chapman \& Hall}
}

@TechReport{Paciorek_2009,
Author={Paciorek, C.J.},
Title={Understanding intrinsic {G}aussian {M}arkov random field spatial models, including intrinsic conditional autoregressive models},
Year=2009,
Institution={University of California, Berkeley},
url = {http://www.stat.berkeley.edu/~paciorek/research/techVignettes/techVignette5.pdf}
}

@Article{ferguson;73,
  author =       {Ferguson, T S},
  title =        {A {B}ayesian  analysis of some nonparametric problems},
  journal =      {Annals of Statistics},
  year =         {1973},
  volume =       {1},
  pages =        {209--230}
}

@Article{ferguson;74,
  author =       {Ferguson, T S},
  title =        {Prior distribution on the spaces of probability measures},
  journal =      {Annals of Statistics},
  year =         {1974},
  volume =       {2},
  pages =        {615--629},
}

@Article{lo;84,
  author =       {Lo, A Y},
  title =        {On a class of {B}ayesian nonparametric estimates {I}: Density estimates},
  journal =      {The Annals of Statistics},
  year =         {1984},
  volume =       {12},
  pages =        {351--357},
}

@Article{escobar;94,
  author =       {Escobar, M D},
  title =        {{Estimating normal means with a Dirichlet process prior}},
  journal =      {Journal of the American Statistical Association},
  year =         {1994},
  volume =       {89},
  pages =        {268--277},
}

@Article{escobar;west;95,
  author =       {Escobar, M D and West, M},
  title =        {{Bayesian density estimation and inference using mixtures}},
  journal =      {Journal of the American Statistical Association},
  year =         {1995},
  volume =       {90},
  pages =        {577--588},
}

@Article{blackwell;mcqueen;73,
  author =       {Blackwell, D and MacQueen, J},
  title =        {Ferguson distributions via {P}\'olya urn schemes},
  journal =      {The Annals of Statistics},
  year =         {1973},
  volume =       {1},
  pages =        {353--355},
}


@Article{sethuraman;94,
  author =       {Sethuraman, J},
  title =        {A constructive definition of {D}irichlet prior},
  journal =      {Statistica Sinica},
  year =         {1994},
  volume =       {2},
  pages =        {639--650},
}

@Article{neal;2000,
  author =       {Neal, R},
  title =        {{Markov chain sampling methods for Dirichlet process mixture models}},
  journal =      {Journal of Computational and Graphical Statistics},
  year =         {2000},
  volume =       {9},
  pages =        {249--265},
}

@article{ishwaran2001gibbs,
  title={Gibbs sampling methods for stick-breaking priors},
  author={Ishwaran, Hemant and James, Lancelot F},
  journal={Journal of the American Statistical Association},
  volume={96},
  number={453},
  pages={161--173},
  year={2001},
  publisher={Taylor \& Francis}
}

@Article{ishwaran;james;2002,
  author =       {Ishwaran, H and James, L F},
  title =        {Approximate {D}irichlet process computing in finite normal mixtures: smoothing and prior information},
  journal =      {Journal of Computational and Graphical Statistics},
  year =         {2002},
  volume =       {11},
  pages =        {508--532},
}

